@book{fulton,
  author = {William Fulton},
  title = {Young Tableaux: With Applications to Representation Theory and Geometry},
  publisher = {Cambridge University Press},
  year = {1997}
}

@Book{manivel,
  author = 	 {Laurent Manivel},
  title = 	 {Symmetric Functions, {S}chubert Polynomials and Degeneracy Loci},
  publisher = 	 {AMS/SMF},
  year = 	 {1998}
}
@Misc{schur_poly,
  author = 	 {Amritanshu Prasad},
  title = 	 {An Introduction to {S}chur Polynomials},
  howpublished = {https://arxiv.org/abs/1802.06073},
  year = 	 {2018},
  note = 	 {Notes from a course at the NCM school on Schubert Varieties, held at The Institute of Mathematical Sciences, Chennai, in November 2017.},
}

@article{knuth,
  author = {Donald E. Knuth},
  title = {Permutations, matrices, and generalized {Y}oung tableaux},
  journal = {Pacific Journal of Mathematics},
  volume = {34},
  year = {1970},
  pages = {709--727}
  }

@article{schensted,
  author = {Craige Schensted},
  title = {Longest increasing and decreasing subsequences},
  journal = {Order},
  volume = {7},
  year = {1961},
  pages = {179--191},
  }

@article{robinson-algo,
  author = {G. de B. Robinson},
  title = {On the representations of the symmetric groups},
  journal = {American Journal of Mathematics},
  volume = {60},
  pages = {745--760},
  year = {1938}
  }

@article{alur-dill,
  author = {Rajeev Alur and David L. Dill},
  title = {A Theory of Timed Automata},
  journal = {Theoretical Computer Science},
  volume = {126},
  year = {1994}
  }

@incollection{plaxique,
  author = {Lascoux, Alain and Sch\"{u}tzenberger, Marcel-Paul},
  title = {Le mono\"{i}de plaxique},
  booktitle = {Noncommutative structures in algebra and geometric combinatorics (Naples)},
  publisher = {Consiglio Nazionale delle Ricerche, Roma},
  year = {1978}
  }

@Book{rtcv,
  author = 	 {Prasad, Amritanshu},
  title = 	 {Representaion Theory: A Combinatorial Viewpoint},
  publisher = 	 {Cambridge University Press},
  year = 	 {2015}
}

@article{Greene-schen,
  author = {Curtis Greene},
  title = {An extension of {S}chensted's theorem},
  journal = {Advances in Mathematics},
  year = {1974},
  volume = {14},
  pages = {254--265}
  }

@incollection{viennot1977forme,
  title={Une forme g{\'e}om{\'e}trique de la correspondance de Robinson-Schensted},
  author={Viennot, G{\'e}rard},
  booktitle={Combinatoire et repr{\'e}sentation du groupe sym{\'e}trique},
  pages={29--58},
  year={1977},
  publisher={Springer}
}

@book{ec2,
author = {Stanley, Richard P.},
title = {Enumerative Combinatorics},
volume = {1},
publisher = {Cambridge University Press},
year = {2011},
edition = {second}
}

@book{Lascoux,
  author = {Lothaire, M.},
  title = {Algebraic Combinatorics on Words},
  publisher = {Cambridge University Press},
  year = 2002,
  note = {Chapter 5: The Plactic Monoid, by A.~Lascoux, B.~Leclerc and Y.~Thibon; also available from \texttt{http://www-igm.univ-mlv.fr/\~{}berstel/Lothaire/AlgCWContents.html}}
}

@book{fultonyt,
  author = {William Fulton},
  title = {Young Tableaux},
  year = {1997},
  publisher = {Cambridge University Press},
  place = {Cambridge, UK}
  }

@book{andrews,
  author = {George E. Andrews and Kimmo Eriksson},
  title = {Integer Partitions},
  year = {2004},
  publisher = {Cambridge University Press},
  place = {Cambridge, UK}
  }