../math_student/refs.bib